<?xml version="1.0" encoding="UTF-8"?><record xmlns="http://www.loc.gov/MARC21/slim" xmlns:cinclude="http://apache.org/cocoon/include/1.0" xmlns:zs="http://www.loc.gov/zing/srw/">
  <leader>00525nz  a2200133n  4500</leader>
  <controlfield tag="001">no2010178457</controlfield>
  <controlfield tag="003">DLC</controlfield>
  <controlfield tag="005">20101105072858.0</controlfield>
  <controlfield tag="008">101103n| acannaabn          |n aaa     c</controlfield>
  <datafield tag="010" ind1=" " ind2=" ">
    <subfield code="a">no2010178457</subfield>
  </datafield>
  <datafield tag="035" ind1=" " ind2=" ">
    <subfield code="a">(OCoLC)oca08677019</subfield>
  </datafield>
  <datafield tag="040" ind1=" " ind2=" ">
    <subfield code="a">MiFliG</subfield>
    <subfield code="b">eng</subfield>
    <subfield code="c">MiFliG</subfield>
  </datafield>
  <datafield tag="100" ind1="1" ind2=" ">
    <subfield code="a">Williams, Don P.</subfield>
  </datafield>
  <datafield tag="670" ind1=" " ind2=" ">
    <subfield code="a">2500 lb. payload gantry robot for rubber belt manufacturing cell, 1990:</subfield>
    <subfield code="b">cover (Don P. Williams, Vice President, General Manager, Modular Robotics Industries, Division of Barnes International, Incorporated, Rockford, Illinois)</subfield>
  </datafield>
</record>